@inproceedings{valancius2008mint,
  title={Mint: A market for internet transit},
  author={Valancius, Vytautas and Feamster, Nick and Johari, Ramesh and Vazirani, Vijay},
  booktitle={Proceedings of the 2008 ACM CoNEXT Conference},
  pages={70},
  year={2008},
  organization={ACM}
}

@article{esquivel2009routebazaar,
  title={RouteBazaar: An Economic Framework for Flexible Routing},
  author={Esquivel, Holly and Muthukrishnan, Chitra and Niu, Feng and Chawla, Shuchi and Akella, Aditya},
  journal={Technical Report TR1654, Department of Computer Sciences},
  year={2009}
}

@inproceedings{kotronis2016stitching,
  title={Stitching inter-domain paths over IXPs},
  author={Kotronis, Vasileios and Kl{\"o}ti, Rowan and Rost, Matthias and Georgopoulos, Panagiotis and Ager, Bernhard and Schmid, Stefan and Dimitropoulos, Xenofontas},
  booktitle={Proceedings of the Symposium on SDN Research},
  pages={17},
  year={2016},
  organization={ACM}
}

@book{lakshminarayanan2004routing,
  title={Routing as a Service},
  author={Lakshminarayanan, Karthik and Stoica, Ion and Shenker, Scott and Rexford, Jennifer},
  year={2004},
  publisher={Computer Science Division, University of California Berkeley}
}

@inproceedings{jain2013b4,
  title={B4: Experience with a globally-deployed software defined WAN},
  author={Jain, Sushant and Kumar, Alok and Mandal, Subhasree and Ong, Joon and Poutievski, Leon and Singh, Arjun and Venkata, Subbaiah and Wanderer, Jim and Zhou, Junlan and Zhu, Min and others},
  booktitle={ACM SIGCOMM Computer Communication Review},
  volume={43},
  number={4},
  pages={3--14},
  year={2013},
  organization={ACM}
}

@inproceedings{hong2013achieving,
  title={Achieving high utilization with software-driven WAN},
  author={Hong, Chi-Yao and Kandula, Srikanth and Mahajan, Ratul and Zhang, Ming and Gill, Vijay and Nanduri, Mohan and Wattenhofer, Roger},
  booktitle={ACM SIGCOMM Computer Communication Review},
  volume={43},
  number={4},
  pages={15--26},
  year={2013},
  organization={ACM}
}

@inproceedings{schlinker2017engineering,
  title={Engineering egress with edge fabric: steering oceans of content to the world},
  author={Schlinker, Brandon and Kim, Hyojeong and Cui, Timothy and Katz-Bassett, Ethan and Madhyastha, Harsha V and Cunha, Italo and Quinn, James and Hasan, Saif and Lapukhov, Petr and Zeng, Hongyi},
  booktitle={Proceedings of the Conference of the ACM Special Interest Group on Data Communication},
  pages={418--431},
  year={2017},
  organization={ACM}
}

@inproceedings{yap2017taking,
  title={Taking the edge off with espresso: Scale, reliability and programmability for global internet peering},
  author={Yap, Kok-Kiong and Motiwala, Murtaza and Rahe, Jeremy and Padgett, Steve and Holliman, Matthew and Baldus, Gary and Hines, Marcus and Kim, Taeeun and Narayanan, Ashok and Jain, Ankur and others},
  booktitle={Proceedings of the Conference of the ACM Special Interest Group on Data Communication},
  pages={432--445},
  year={2017},
  organization={ACM}
}